<record xmlns="http://www.loc.gov/MARC21/slim" xmlns:xsi="http://www.w3.org/2001/XMLSchema-instance" xsi:schemaLocation="http://www.loc.gov/MARC21/slim http://www.loc.gov/standards/marcxml/schema/MARC21slim.xsd"><leader>01838nam a2200409   4500</leader><controlfield tag="001">1682090</controlfield><controlfield tag="003">NIC</controlfield><controlfield tag="006">m        d        </controlfield><controlfield tag="007">cr cn |||m|||a</controlfield><controlfield tag="008">150113s1952    ua      o     000 0 ara d</controlfield><datafield ind1=" " ind2=" " tag="040"><subfield code="a">NNU</subfield><subfield code="b">eng</subfield><subfield code="c">NNU</subfield></datafield><datafield ind1="1" ind2=" " tag="041"><subfield code="a">ara</subfield><subfield code="h">fre</subfield></datafield><datafield ind1=" " ind2=" " tag="043"><subfield code="a">e-fr---</subfield></datafield><datafield ind1="1" ind2=" " tag="100"><subfield code="a">France, Anatole,</subfield><subfield code="d">1844-1924.</subfield></datafield><datafield ind1="1" ind2="0" tag="240"><subfield code="a">Dieux ont soif.</subfield><subfield code="l">Arabic</subfield></datafield><datafield ind1="1" ind2="3" tag="245"><subfield code="6">880-01</subfield><subfield code="a">al-A&#772;lihah &#699;it&#803;a&#772;sh</subfield><subfield code="h">[electronic resource] /</subfield><subfield code="c">Ana&#772;t&#803;u&#772;l Fra&#772;ns ; tarjamat &#699;A&#772;dil Zu&#699;aytar.</subfield></datafield><datafield ind1=" " ind2=" " tag="260"><subfield code="6">880-02</subfield><subfield code="a">al-Qa&#772;hirah :</subfield><subfield code="b">Maktabat al-Nahd&#803;ah al-Mis&#803;ri&#772;yah,</subfield><subfield code="c">1952.</subfield></datafield><datafield ind1=" " ind2=" " tag="300"><subfield code="a">online resource (272 p.)</subfield></datafield><datafield ind1=" " ind2=" " tag="500"><subfield code="a">Translation of: Les dieux ont soif.</subfield></datafield><datafield ind1=" " ind2=" " tag="500"><subfield code="a">Part of the Arabic Collections Online (ACO) project, contributed by Cornell University Libraries.</subfield></datafield><datafield ind1=" " ind2=" " tag="533"><subfield code="a">Electronic reproduction.</subfield><subfield code="b">New York, N.Y. :</subfield><subfield code="c">New York University,</subfield><subfield code="d">2015.</subfield><subfield code="5">NNU</subfield></datafield><datafield ind1=" " ind2="0" tag="651"><subfield code="a">France</subfield><subfield code="x">History</subfield><subfield code="y">Revolution, 1789-1799</subfield><subfield code="v">Fiction.</subfield></datafield><datafield ind1="2" ind2="7" tag="611"><subfield code="a">Revolution (France : 1789-1799)</subfield><subfield code="2">fast</subfield><subfield code="0">(OCoLC)fst01354514</subfield></datafield><datafield ind1=" " ind2="7" tag="651"><subfield code="a">France.</subfield><subfield code="2">fast</subfield><subfield code="0">(OCoLC)fst01204289</subfield></datafield><datafield ind1=" " ind2="7" tag="648"><subfield code="a">1789 - 1799</subfield><subfield code="2">fast</subfield></datafield><datafield ind1=" " ind2="7" tag="655"><subfield code="a">Fiction.</subfield><subfield code="2">fast</subfield><subfield code="0">(OCoLC)fst01423787</subfield></datafield><datafield ind1=" " ind2="7" tag="655"><subfield code="a">History.</subfield><subfield code="2">fast</subfield><subfield code="0">(OCoLC)fst01411628</subfield></datafield><datafield ind1="1" ind2=" " tag="700"><subfield code="6">880-03</subfield><subfield code="a">Zu&#699;aytar, &#699;A&#772;dil.</subfield></datafield><datafield ind1="2" ind2=" " tag="710"><subfield code="a">Cornell University.</subfield><subfield code="b">Libraries.</subfield></datafield><datafield ind1="0" ind2=" " tag="730"><subfield code="a">Arabic Collections Online.</subfield></datafield><datafield ind1="0" ind2="8" tag="776"><subfield code="i">Print version:</subfield><subfield code="a">France, Anatole, 1844-1924.</subfield><subfield code="t">al-A&#772;lihah &#699;it&#803;a&#772;sh</subfield><subfield code="w">(NIC)1682090</subfield><subfield code="w">(OCoLC)63979530</subfield></datafield><datafield ind1="4" ind2="0" tag="856"><subfield code="u">http://hdl.handle.net/2333.1/c59zw5xj</subfield></datafield><datafield ind1="1" ind2="2" tag="880"><subfield code="6">245-01/r</subfield><subfield code="a">&#1575;&#1604;&#1575;&#1604;&#1577; &#1593;&#1591;&#1575;&#1588; /</subfield><subfield code="c">&#1575;&#1606;&#1575;&#1591;&#1608;&#1604; &#1601;&#1585;&#1575;&#1606;&#1587; &#1563; &#1578;&#1585;&#1580;&#1605;&#1577; &#1593;&#1575;&#1583;&#1604; &#1586;&#1593;&#1610;&#1578;&#1585;.</subfield></datafield><datafield ind1=" " ind2=" " tag="880"><subfield code="6">260-02/r</subfield><subfield code="a">&#1575;&#1604;&#1602;&#1575;&#1607;&#1585;&#1577; :</subfield><subfield code="b">&#1605;&#1603;&#1578;&#1576;&#1577; &#1575;&#1604;&#1606;&#1607;&#1590;&#1577; &#1575;&#1604;&#1605;&#1589;&#1585;&#1610;&#1577;&#1548;</subfield><subfield code="c">1952.</subfield></datafield><datafield ind1="1" ind2=" " tag="880"><subfield code="6">700-03/r</subfield><subfield code="a">&#1586;&#1593;&#1610;&#1578;&#1585;&#1548; &#1593;&#1575;&#1583;&#1604;.</subfield></datafield><datafield ind1=" " ind2=" " tag="959"><subfield code="a">NNU</subfield><subfield code="b">WEB</subfield><subfield code="c">GENI</subfield><subfield code="t">0</subfield><subfield code="m">Electronic access</subfield><subfield code="s">01</subfield></datafield><datafield ind1=" " ind2=" " tag="999"><subfield code="i">NIC_1682090</subfield><subfield code="o">(OCoLC)ocm63979530</subfield><subfield code="e">ok</subfield></datafield></record>